@misc{ReactJS,
  title = {ReactJS},
  howpublished = {\url{https://reactjs.org/}},
}

@misc{springboot,
    title = {{Spring Boot}},
    author = {{Pivotal}},
    howpublished = {\url{https://spring.io/projects/spring-boot}},
}

@online{spring_testing_web,
  title = {Testing the Web Layer - Spring Boot},
  author = {Spring},
  year = {2021},
  url = {https://spring.io/guides/gs/testing-web/}
}

@misc{postgresql_doc,
  title = {PostgreSQL Documentation},
  howpublished = {\url{https://www.postgresql.org/docs/}}
}

@misc{JavaSE17API,
    title = "Java SE 17 & JDK 17 Documentation",
    howpublished = {\url{https://docs.oracle.com/en/java/javase/17/docs/api/index.html}},
}

@misc{ApacheMaven,
    title = "Apache Maven",
    howpublished = "\url{https://maven.apache.org/}",
}

@misc{JUnit5,
    title = "JUnit 5 User Guide",
    howpublished = "\url{https://junit.org/junit5/docs/current/user-guide/}",
}

@misc{GitDocumentation,
    title = "Git - Documentation",
    howpublished = "\url{https://git-scm.com/doc}",
}